<?xml version="1.0" encoding="UTF-8"?><collection xmlns="http://www.loc.gov/MARC21/slim"><record><leader>00474nam--2200181-i-4500</leader><controlfield tag="001">000047710</controlfield><controlfield tag="002">20161230</controlfield><controlfield tag="005">20161230201046</controlfield><controlfield tag="008">060222s1000------------r-----000-0-fre-d</controlfield><datafield ind1=" " ind2=" " tag="040"><subfield code="a">IFIN-HH</subfield></datafield><datafield ind1=" " ind2=" " tag="041"><subfield code="a">fre</subfield></datafield><datafield ind1=" " ind2=" " tag="080"><subfield code="a">53(076)</subfield></datafield><datafield ind1="1" ind2=" " tag="100"><subfield code="a">Witz, Aime</subfield></datafield><datafield ind1="1" ind2="0" tag="245"><subfield code="a">Exercices de physique et applications</subfield><subfield code="c">Aime witz</subfield></datafield><datafield ind1=" " ind2=" " tag="260"><subfield code="a">Paris</subfield><subfield code="b">Gauthier-villars Et Fils, Imprimeurs-libraires</subfield><subfield code="c">1889</subfield></datafield><datafield ind1=" " ind2=" " tag="300"><subfield code="a">X+520 P</subfield></datafield><datafield ind1=" " ind2=" " tag="852"><subfield code="a">72046</subfield><subfield code="c">H.H</subfield></datafield><datafield ind1=" " ind2=" " tag="CAT"><subfield code="a">Sys</subfield><subfield code="c">20130417</subfield><subfield code="h">162137</subfield></datafield></record></collection>